@article{breiman2001random,
	title={Random forests},
	author={Breiman, Leo},
	journal={Machine Learning},
	volume={45},
	number={1},
	pages={5--32},
	year={2001},
	publisher={Springer}
}

@book{breiman1984classification,
	title={Classification and Regression Trees},
	author={Breiman, Leo and Friedman, Jerome H and Olshen, Richard A and Stone, Charles J},
	year={1984},
	publisher={Routledge}
}


@article{sachs2005causal,
  title={Causal protein-signaling networks derived from multiparameter single-cell data},
  author={Sachs, Karen and Perez, Omar and Pe'er, Dana and Lauffenburger, Douglas A and Nolan, Garry P.},
  journal={Science},
  volume={308},
  number={5721},
  pages={523--529},
  year={2005},
  publisher={American Association for the Advancement of Science}
}

@inproceedings{lightgbm,
 author = {Ke, Guolin and Meng, Qi and Finley, Thomas and Wang, Taifeng and Chen, Wei and Ma, Weidong and Ye, Qiwei and Liu, Tie-Yan},
 booktitle = {Advances in Neural Information Processing Systems},
 editor = {I. Guyon and U. Von Luxburg and S. Bengio and H. Wallach and R. Fergus and S. Vishwanathan and R. Garnett},
 pages = {},
 publisher = {Curran Associates, Inc.},
 title = {LightGBM: A Highly Efficient Gradient Boosting Decision Tree},
 url = {https://proceedings.neurips.cc/paper/2017/file/6449f44a102fde848669bdd9eb6b76fa-Paper.pdf},
 volume = {30},
 year = {2017}
}

 @misc{fujifilm, 
 title={Fujicolor Crystal Archive Paper Type Ca}, 
 url={https://www.fujifilm.com/us/en/business/photofinishing/paper-lab-products/type-ca}, 
 journal={Fujifilm [United States]}}